%YAML 1.1
%TAG !u! tag:unity3d.com,2011:
--- !u!91 &9100000
AnimatorController:
  m_ObjectHideFlags: 0
  m_PrefabParentObject: {fileID: 0}
  m_PrefabInternal: {fileID: 0}
  m_Name: Heavy Animation Controller Cycle
  serializedVersion: 2
  m_AnimatorParameters: []
  m_AnimatorLayers:
  - serializedVersion: 3
    m_Name: Base Layer
    m_StateMachine: {fileID: 110700000}
    m_Mask: {fileID: 0}
    m_BlendingMode: 0
    m_SyncedLayerIndex: -1
    m_StateMachineMotionSetIndex: 0
    m_DefaultWeight: 0
    m_IKPass: 0
    m_SyncedLayerAffectsTiming: 0
    m_Controller: {fileID: 9100000}
--- !u!1101 &110100000
Transition:
  serializedVersion: 2
  m_ObjectHideFlags: 3
  m_PrefabParentObject: {fileID: 0}
  m_PrefabInternal: {fileID: 0}
  m_Name: 
  m_SrcState: {fileID: 110207305}
  m_DstState: {fileID: 110246070}
  m_TransitionDuration: .125
  m_TransitionOffset: 0
  m_Conditions:
  - m_ConditionMode: 5
    m_ConditionEvent: 
    m_EventTreshold: 0
    m_ExitTime: 1
  m_Atomic: 1
  m_Solo: 0
  m_Mute: 0
  m_CanTransitionToSelf: 1
--- !u!1101 &110102976
Transition:
  serializedVersion: 2
  m_ObjectHideFlags: 3
  m_PrefabParentObject: {fileID: 0}
  m_PrefabInternal: {fileID: 0}
  m_Name: 
  m_SrcState: {fileID: 110284700}
  m_DstState: {fileID: 110281160}
  m_TransitionDuration: .125
  m_TransitionOffset: 0
  m_Conditions:
  - m_ConditionMode: 5
    m_ConditionEvent: 
    m_EventTreshold: 0
    m_ExitTime: 1
  m_Atomic: 1
  m_Solo: 0
  m_Mute: 0
  m_CanTransitionToSelf: 1
--- !u!1101 &110103945
Transition:
  serializedVersion: 2
  m_ObjectHideFlags: 3
  m_PrefabParentObject: {fileID: 0}
  m_PrefabInternal: {fileID: 0}
  m_Name: 
  m_SrcState: {fileID: 110218851}
  m_DstState: {fileID: 110214055}
  m_TransitionDuration: .375
  m_TransitionOffset: 0
  m_Conditions:
  - m_ConditionMode: 5
    m_ConditionEvent: 
    m_EventTreshold: 0
    m_ExitTime: 1
  m_Atomic: 1
  m_Solo: 0
  m_Mute: 0
  m_CanTransitionToSelf: 1
--- !u!1101 &110106525
Transition:
  serializedVersion: 2
  m_ObjectHideFlags: 3
  m_PrefabParentObject: {fileID: 0}
  m_PrefabInternal: {fileID: 0}
  m_Name: 
  m_SrcState: {fileID: 110229093}
  m_DstState: {fileID: 110218851}
  m_TransitionDuration: .375
  m_TransitionOffset: 0
  m_Conditions:
  - m_ConditionMode: 5
    m_ConditionEvent: 
    m_EventTreshold: 0
    m_ExitTime: 1
  m_Atomic: 1
  m_Solo: 0
  m_Mute: 0
  m_CanTransitionToSelf: 1
--- !u!1101 &110107994
Transition:
  serializedVersion: 2
  m_ObjectHideFlags: 3
  m_PrefabParentObject: {fileID: 0}
  m_PrefabInternal: {fileID: 0}
  m_Name: 
  m_SrcState: {fileID: 110212047}
  m_DstState: {fileID: 110238569}
  m_TransitionDuration: .125
  m_TransitionOffset: 0
  m_Conditions:
  - m_ConditionMode: 5
    m_ConditionEvent: 
    m_EventTreshold: 0
    m_ExitTime: 1
  m_Atomic: 1
  m_Solo: 0
  m_Mute: 0
  m_CanTransitionToSelf: 1
--- !u!1101 &110108565
Transition:
  serializedVersion: 2
  m_ObjectHideFlags: 3
  m_PrefabParentObject: {fileID: 0}
  m_PrefabInternal: {fileID: 0}
  m_Name: 
  m_SrcState: {fileID: 110281160}
  m_DstState: {fileID: 110217960}
  m_TransitionDuration: .125
  m_TransitionOffset: 0
  m_Conditions:
  - m_ConditionMode: 5
    m_ConditionEvent: 
    m_EventTreshold: 0
    m_ExitTime: 1
  m_Atomic: 1
  m_Solo: 0
  m_Mute: 0
  m_CanTransitionToSelf: 1
--- !u!1101 &110110762
Transition:
  serializedVersion: 2
  m_ObjectHideFlags: 3
  m_PrefabParentObject: {fileID: 0}
  m_PrefabInternal: {fileID: 0}
  m_Name: 
  m_SrcState: {fileID: 110238569}
  m_DstState: {fileID: 110206324}
  m_TransitionDuration: .75
  m_TransitionOffset: 0
  m_Conditions:
  - m_ConditionMode: 5
    m_ConditionEvent: 
    m_EventTreshold: 0
    m_ExitTime: 1
  m_Atomic: 1
  m_Solo: 0
  m_Mute: 0
  m_CanTransitionToSelf: 1
--- !u!1101 &110113432
Transition:
  serializedVersion: 2
  m_ObjectHideFlags: 3
  m_PrefabParentObject: {fileID: 0}
  m_PrefabInternal: {fileID: 0}
  m_Name: 
  m_SrcState: {fileID: 110200000}
  m_DstState: {fileID: 110231626}
  m_TransitionDuration: .125
  m_TransitionOffset: 0
  m_Conditions:
  - m_ConditionMode: 5
    m_ConditionEvent: 
    m_EventTreshold: 0
    m_ExitTime: 1
  m_Atomic: 1
  m_Solo: 0
  m_Mute: 0
  m_CanTransitionToSelf: 1
--- !u!1101 &110113472
Transition:
  serializedVersion: 2
  m_ObjectHideFlags: 3
  m_PrefabParentObject: {fileID: 0}
  m_PrefabInternal: {fileID: 0}
  m_Name: 
  m_SrcState: {fileID: 110275640}
  m_DstState: {fileID: 110232887}
  m_TransitionDuration: .13636364
  m_TransitionOffset: 0
  m_Conditions:
  - m_ConditionMode: 5
    m_ConditionEvent: 
    m_EventTreshold: 0
    m_ExitTime: 1
  m_Atomic: 1
  m_Solo: 0
  m_Mute: 0
  m_CanTransitionToSelf: 1
--- !u!1101 &110114152
Transition:
  serializedVersion: 2
  m_ObjectHideFlags: 3
  m_PrefabParentObject: {fileID: 0}
  m_PrefabInternal: {fileID: 0}
  m_Name: 
  m_SrcState: {fileID: 110217209}
  m_DstState: {fileID: 110229093}
  m_TransitionDuration: .125
  m_TransitionOffset: 0
  m_Conditions:
  - m_ConditionMode: 5
    m_ConditionEvent: 
    m_EventTreshold: 0
    m_ExitTime: 1
  m_Atomic: 1
  m_Solo: 0
  m_Mute: 0
  m_CanTransitionToSelf: 1
--- !u!1101 &110115426
Transition:
  serializedVersion: 2
  m_ObjectHideFlags: 3
  m_PrefabParentObject: {fileID: 0}
  m_PrefabInternal: {fileID: 0}
  m_Name: 
  m_SrcState: {fileID: 110215448}
  m_DstState: {fileID: 110219304}
  m_TransitionDuration: .375
  m_TransitionOffset: 0
  m_Conditions:
  - m_ConditionMode: 5
    m_ConditionEvent: 
    m_EventTreshold: 0
    m_ExitTime: .949999988
  m_Atomic: 1
  m_Solo: 0
  m_Mute: 0
  m_CanTransitionToSelf: 1
--- !u!1101 &110118100
Transition:
  serializedVersion: 2
  m_ObjectHideFlags: 3
  m_PrefabParentObject: {fileID: 0}
  m_PrefabInternal: {fileID: 0}
  m_Name: 
  m_SrcState: {fileID: 110284400}
  m_DstState: {fileID: 110238446}
  m_TransitionDuration: .299999982
  m_TransitionOffset: 0
  m_Conditions:
  - m_ConditionMode: 5
    m_ConditionEvent: 
    m_EventTreshold: 0
    m_ExitTime: 1
  m_Atomic: 1
  m_Solo: 0
  m_Mute: 0
  m_CanTransitionToSelf: 1
--- !u!1101 &110118346
Transition:
  serializedVersion: 2
  m_ObjectHideFlags: 3
  m_PrefabParentObject: {fileID: 0}
  m_PrefabInternal: {fileID: 0}
  m_Name: 
  m_SrcState: {fileID: 110254335}
  m_DstState: {fileID: 110280383}
  m_TransitionDuration: .0458333045
  m_TransitionOffset: 0
  m_Conditions:
  - m_ConditionMode: 5
    m_ConditionEvent: 
    m_EventTreshold: 0
    m_ExitTime: 1
  m_Atomic: 1
  m_Solo: 0
  m_Mute: 0
  m_CanTransitionToSelf: 1
--- !u!1101 &110131809
Transition:
  serializedVersion: 2
  m_ObjectHideFlags: 3
  m_PrefabParentObject: {fileID: 0}
  m_PrefabInternal: {fileID: 0}
  m_Name: 
  m_SrcState: {fileID: 110231626}
  m_DstState: {fileID: 110295770}
  m_TransitionDuration: .5
  m_TransitionOffset: 0
  m_Conditions:
  - m_ConditionMode: 5
    m_ConditionEvent: 
    m_EventTreshold: 0
    m_ExitTime: 1
  m_Atomic: 1
  m_Solo: 0
  m_Mute: 0
  m_CanTransitionToSelf: 1
--- !u!1101 &110138622
Transition:
  serializedVersion: 2
  m_ObjectHideFlags: 3
  m_PrefabParentObject: {fileID: 0}
  m_PrefabInternal: {fileID: 0}
  m_Name: 
  m_SrcState: {fileID: 110214653}
  m_DstState: {fileID: 110237500}
  m_TransitionDuration: .62500006
  m_TransitionOffset: 0
  m_Conditions:
  - m_ConditionMode: 5
    m_ConditionEvent: 
    m_EventTreshold: 0
    m_ExitTime: 1
  m_Atomic: 1
  m_Solo: 0
  m_Mute: 0
  m_CanTransitionToSelf: 1
--- !u!1101 &110141474
Transition:
  serializedVersion: 2
  m_ObjectHideFlags: 3
  m_PrefabParentObject: {fileID: 0}
  m_PrefabInternal: {fileID: 0}
  m_Name: 
  m_SrcState: {fileID: 110237037}
  m_DstState: {fileID: 110241862}
  m_TransitionDuration: .62499994
  m_TransitionOffset: 0
  m_Conditions:
  - m_ConditionMode: 5
    m_ConditionEvent: 
    m_EventTreshold: 0
    m_ExitTime: .949999988
  m_Atomic: 1
  m_Solo: 0
  m_Mute: 0
  m_CanTransitionToSelf: 1
--- !u!1101 &110146320
Transition:
  serializedVersion: 2
  m_ObjectHideFlags: 3
  m_PrefabParentObject: {fileID: 0}
  m_PrefabInternal: {fileID: 0}
  m_Name: 
  m_SrcState: {fileID: 110214055}
  m_DstState: {fileID: 110246993}
  m_TransitionDuration: .375
  m_TransitionOffset: 0
  m_Conditions:
  - m_ConditionMode: 5
    m_ConditionEvent: 
    m_EventTreshold: 0
    m_ExitTime: 1
  m_Atomic: 1
  m_Solo: 0
  m_Mute: 0
  m_CanTransitionToSelf: 1
--- !u!1101 &110147481
Transition:
  serializedVersion: 2
  m_ObjectHideFlags: 3
  m_PrefabParentObject: {fileID: 0}
  m_PrefabInternal: {fileID: 0}
  m_Name: 
  m_SrcState: {fileID: 110252953}
  m_DstState: {fileID: 110214653}
  m_TransitionDuration: .821527481
  m_TransitionOffset: 0
  m_Conditions:
  - m_ConditionMode: 5
    m_ConditionEvent: 
    m_EventTreshold: 0
    m_ExitTime: .683333218
  m_Atomic: 1
  m_Solo: 0
  m_Mute: 0
  m_CanTransitionToSelf: 1
--- !u!1101 &110148042
Transition:
  serializedVersion: 2
  m_ObjectHideFlags: 3
  m_PrefabParentObject: {fileID: 0}
  m_PrefabInternal: {fileID: 0}
  m_Name: 
  m_SrcState: {fileID: 110217960}
  m_DstState: {fileID: 110207305}
  m_TransitionDuration: .125
  m_TransitionOffset: 0
  m_Conditions:
  - m_ConditionMode: 5
    m_ConditionEvent: 
    m_EventTreshold: 0
    m_ExitTime: .899999976
  m_Atomic: 1
  m_Solo: 0
  m_Mute: 0
  m_CanTransitionToSelf: 1
--- !u!1101 &110150570
Transition:
  serializedVersion: 2
  m_ObjectHideFlags: 3
  m_PrefabParentObject: {fileID: 0}
  m_PrefabInternal: {fileID: 0}
  m_Name: 
  m_SrcState: {fileID: 110241862}
  m_DstState: {fileID: 110240605}
  m_TransitionDuration: .62499994
  m_TransitionOffset: 0
  m_Conditions:
  - m_ConditionMode: 5
    m_ConditionEvent: 
    m_EventTreshold: 0
    m_ExitTime: .949999988
  m_Atomic: 1
  m_Solo: 0
  m_Mute: 0
  m_CanTransitionToSelf: 1
--- !u!1101 &110150885
Transition:
  serializedVersion: 2
  m_ObjectHideFlags: 3
  m_PrefabParentObject: {fileID: 0}
  m_PrefabInternal: {fileID: 0}
  m_Name: 
  m_SrcState: {fileID: 110208239}
  m_DstState: {fileID: 110286280}
  m_TransitionDuration: .0186198913
  m_TransitionOffset: 0
  m_Conditions:
  - m_ConditionMode: 5
    m_ConditionEvent: 
    m_EventTreshold: 0
    m_ExitTime: .534375131
  m_Atomic: 1
  m_Solo: 0
  m_Mute: 0
  m_CanTransitionToSelf: 1
--- !u!1101 &110153468
Transition:
  serializedVersion: 2
  m_ObjectHideFlags: 3
  m_PrefabParentObject: {fileID: 0}
  m_PrefabInternal: {fileID: 0}
  m_Name: 
  m_SrcState: {fileID: 110227336}
  m_DstState: {fileID: 110254335}
  m_TransitionDuration: .166666657
  m_TransitionOffset: 0
  m_Conditions:
  - m_ConditionMode: 5
    m_ConditionEvent: 
    m_EventTreshold: 0
    m_ExitTime: 1
  m_Atomic: 1
  m_Solo: 0
  m_Mute: 0
  m_CanTransitionToSelf: 1
--- !u!1101 &110155123
Transition:
  serializedVersion: 2
  m_ObjectHideFlags: 3
  m_PrefabParentObject: {fileID: 0}
  m_PrefabInternal: {fileID: 0}
  m_Name: 
  m_SrcState: {fileID: 110218791}
  m_DstState: {fileID: 110252953}
  m_TransitionDuration: .0499998778
  m_TransitionOffset: 0
  m_Conditions:
  - m_ConditionMode: 5
    m_ConditionEvent: 
    m_EventTreshold: 0
    m_ExitTime: 1
  m_Atomic: 1
  m_Solo: 0
  m_Mute: 0
  m_CanTransitionToSelf: 1
--- !u!1101 &110157623
Transition:
  serializedVersion: 2
  m_ObjectHideFlags: 3
  m_PrefabParentObject: {fileID: 0}
  m_PrefabInternal: {fileID: 0}
  m_Name: 
  m_SrcState: {fileID: 110248825}
  m_DstState: {fileID: 110237037}
  m_TransitionDuration: .375
  m_TransitionOffset: 0
  m_Conditions:
  - m_ConditionMode: 5
    m_ConditionEvent: 
    m_EventTreshold: 0
    m_ExitTime: .949999988
  m_Atomic: 1
  m_Solo: 0
  m_Mute: 0
  m_CanTransitionToSelf: 1
--- !u!1101 &110158343
Transition:
  serializedVersion: 2
  m_ObjectHideFlags: 3
  m_PrefabParentObject: {fileID: 0}
  m_PrefabInternal: {fileID: 0}
  m_Name: 
  m_SrcState: {fileID: 110218464}
  m_DstState: {fileID: 110260324}
  m_TransitionDuration: .09375
  m_TransitionOffset: 0
  m_Conditions:
  - m_ConditionMode: 5
    m_ConditionEvent: 
    m_EventTreshold: 0
    m_ExitTime: 1
  m_Atomic: 1
  m_Solo: 0
  m_Mute: 0
  m_CanTransitionToSelf: 1
--- !u!1101 &110161406
Transition:
  serializedVersion: 2
  m_ObjectHideFlags: 3
  m_PrefabParentObject: {fileID: 0}
  m_PrefabInternal: {fileID: 0}
  m_Name: 
  m_SrcState: {fileID: 110240605}
  m_DstState: {fileID: 110215448}
  m_TransitionDuration: .62499994
  m_TransitionOffset: 0
  m_Conditions:
  - m_ConditionMode: 5
    m_ConditionEvent: 
    m_EventTreshold: 0
    m_ExitTime: .949999988
  m_Atomic: 1
  m_Solo: 0
  m_Mute: 0
  m_CanTransitionToSelf: 1
--- !u!1101 &110162360
Transition:
  serializedVersion: 2
  m_ObjectHideFlags: 3
  m_PrefabParentObject: {fileID: 0}
  m_PrefabInternal: {fileID: 0}
  m_Name: 
  m_SrcState: {fileID: 110232887}
  m_DstState: {fileID: 110212047}
  m_TransitionDuration: .1875
  m_TransitionOffset: 0
  m_Conditions:
  - m_ConditionMode: 5
    m_ConditionEvent: 
    m_EventTreshold: 0
    m_ExitTime: 1
  m_Atomic: 1
  m_Solo: 0
  m_Mute: 0
  m_CanTransitionToSelf: 1
--- !u!1101 &110164099
Transition:
  serializedVersion: 2
  m_ObjectHideFlags: 3
  m_PrefabParentObject: {fileID: 0}
  m_PrefabInternal: {fileID: 0}
  m_Name: 
  m_SrcState: {fileID: 110295123}
  m_DstState: {fileID: 110208239}
  m_TransitionDuration: .0481770411
  m_TransitionOffset: 0
  m_Conditions:
  - m_ConditionMode: 5
    m_ConditionEvent: 
    m_EventTreshold: 0
    m_ExitTime: 1
  m_Atomic: 1
  m_Solo: 0
  m_Mute: 0
  m_CanTransitionToSelf: 1
--- !u!1101 &110164444
Transition:
  serializedVersion: 2
  m_ObjectHideFlags: 3
  m_PrefabParentObject: {fileID: 0}
  m_PrefabInternal: {fileID: 0}
  m_Name: 
  m_SrcState: {fileID: 110219304}
  m_DstState: {fileID: 110262140}
  m_TransitionDuration: .375
  m_TransitionOffset: 0
  m_Conditions:
  - m_ConditionMode: 5
    m_ConditionEvent: 
    m_EventTreshold: 0
    m_ExitTime: .949999988
  m_Atomic: 1
  m_Solo: 0
  m_Mute: 0
  m_CanTransitionToSelf: 1
--- !u!1101 &110165896
Transition:
  serializedVersion: 2
  m_ObjectHideFlags: 3
  m_PrefabParentObject: {fileID: 0}
  m_PrefabInternal: {fileID: 0}
  m_Name: 
  m_SrcState: {fileID: 110262140}
  m_DstState: {fileID: 110284400}
  m_TransitionDuration: .75
  m_TransitionOffset: 0
  m_Conditions:
  - m_ConditionMode: 5
    m_ConditionEvent: 
    m_EventTreshold: 0
    m_ExitTime: 1
  m_Atomic: 1
  m_Solo: 0
  m_Mute: 0
  m_CanTransitionToSelf: 1
--- !u!1101 &110167168
Transition:
  serializedVersion: 2
  m_ObjectHideFlags: 3
  m_PrefabParentObject: {fileID: 0}
  m_PrefabInternal: {fileID: 0}
  m_Name: 
  m_SrcState: {fileID: 110202872}
  m_DstState: {fileID: 110217209}
  m_TransitionDuration: .172100797
  m_TransitionOffset: 0
  m_Conditions:
  - m_ConditionMode: 5
    m_ConditionEvent: 
    m_EventTreshold: 0
    m_ExitTime: .783697784
  m_Atomic: 1
  m_Solo: 0
  m_Mute: 0
  m_CanTransitionToSelf: 1
--- !u!1101 &110167795
Transition:
  serializedVersion: 2
  m_ObjectHideFlags: 3
  m_PrefabParentObject: {fileID: 0}
  m_PrefabInternal: {fileID: 0}
  m_Name: 
  m_SrcState: {fileID: 110238446}
  m_DstState: {fileID: 110286098}
  m_TransitionDuration: .288461506
  m_TransitionOffset: 0
  m_Conditions:
  - m_ConditionMode: 5
    m_ConditionEvent: 
    m_EventTreshold: 0
    m_ExitTime: 1
  m_Atomic: 1
  m_Solo: 0
  m_Mute: 0
  m_CanTransitionToSelf: 1
--- !u!1101 &110170897
Transition:
  serializedVersion: 2
  m_ObjectHideFlags: 3
  m_PrefabParentObject: {fileID: 0}
  m_PrefabInternal: {fileID: 0}
  m_Name: 
  m_SrcState: {fileID: 110286280}
  m_DstState: {fileID: 110218791}
  m_TransitionDuration: .0520831309
  m_TransitionOffset: 0
  m_Conditions:
  - m_ConditionMode: 5
    m_ConditionEvent: 
    m_EventTreshold: 0
    m_ExitTime: 1
  m_Atomic: 1
  m_Solo: 0
  m_Mute: 0
  m_CanTransitionToSelf: 1
--- !u!1101 &110171797
Transition:
  serializedVersion: 2
  m_ObjectHideFlags: 3
  m_PrefabParentObject: {fileID: 0}
  m_PrefabInternal: {fileID: 0}
  m_Name: 
  m_SrcState: {fileID: 110246993}
  m_DstState: {fileID: 110275640}
  m_TransitionDuration: .1875
  m_TransitionOffset: 0
  m_Conditions:
  - m_ConditionMode: 5
    m_ConditionEvent: 
    m_EventTreshold: 0
    m_ExitTime: 1
  m_Atomic: 1
  m_Solo: 0
  m_Mute: 0
  m_CanTransitionToSelf: 1
--- !u!1101 &110179441
Transition:
  serializedVersion: 2
  m_ObjectHideFlags: 3
  m_PrefabParentObject: {fileID: 0}
  m_PrefabInternal: {fileID: 0}
  m_Name: 
  m_SrcState: {fileID: 110237500}
  m_DstState: {fileID: 110218464}
  m_TransitionDuration: .149999991
  m_TransitionOffset: 0
  m_Conditions:
  - m_ConditionMode: 5
    m_ConditionEvent: 
    m_EventTreshold: 0
    m_ExitTime: 1
  m_Atomic: 1
  m_Solo: 0
  m_Mute: 0
  m_CanTransitionToSelf: 1
--- !u!1101 &110184668
Transition:
  serializedVersion: 2
  m_ObjectHideFlags: 3
  m_PrefabParentObject: {fileID: 0}
  m_PrefabInternal: {fileID: 0}
  m_Name: 
  m_SrcState: {fileID: 110229805}
  m_DstState: {fileID: 110295123}
  m_TransitionDuration: .0549479499
  m_TransitionOffset: 0
  m_Conditions:
  - m_ConditionMode: 5
    m_ConditionEvent: 
    m_EventTreshold: 0
    m_ExitTime: 1
  m_Atomic: 1
  m_Solo: 0
  m_Mute: 0
  m_CanTransitionToSelf: 1
--- !u!1101 &110186001
Transition:
  serializedVersion: 2
  m_ObjectHideFlags: 3
  m_PrefabParentObject: {fileID: 0}
  m_PrefabInternal: {fileID: 0}
  m_Name: 
  m_SrcState: {fileID: 110246070}
  m_DstState: {fileID: 110248825}
  m_TransitionDuration: .125
  m_TransitionOffset: 0
  m_Conditions:
  - m_ConditionMode: 5
    m_ConditionEvent: 
    m_EventTreshold: 0
    m_ExitTime: .899999976
  m_Atomic: 1
  m_Solo: 0
  m_Mute: 0
  m_CanTransitionToSelf: 1
--- !u!1101 &110186419
Transition:
  serializedVersion: 2
  m_ObjectHideFlags: 3
  m_PrefabParentObject: {fileID: 0}
  m_PrefabInternal: {fileID: 0}
  m_Name: 
  m_SrcState: {fileID: 110286098}
  m_DstState: {fileID: 110200000}
  m_TransitionDuration: .25
  m_TransitionOffset: 0
  m_Conditions:
  - m_ConditionMode: 5
    m_ConditionEvent: 
    m_EventTreshold: 0
    m_ExitTime: 1
  m_Atomic: 1
  m_Solo: 0
  m_Mute: 0
  m_CanTransitionToSelf: 1
--- !u!1101 &110188293
Transition:
  serializedVersion: 2
  m_ObjectHideFlags: 3
  m_PrefabParentObject: {fileID: 0}
  m_PrefabInternal: {fileID: 0}
  m_Name: 
  m_SrcState: {fileID: 110295770}
  m_DstState: {fileID: 110202872}
  m_TransitionDuration: .125
  m_TransitionOffset: 0
  m_Conditions:
  - m_ConditionMode: 5
    m_ConditionEvent: 
    m_EventTreshold: 0
    m_ExitTime: 1
  m_Atomic: 1
  m_Solo: 0
  m_Mute: 0
  m_CanTransitionToSelf: 1
--- !u!1101 &110189896
Transition:
  serializedVersion: 2
  m_ObjectHideFlags: 3
  m_PrefabParentObject: {fileID: 0}
  m_PrefabInternal: {fileID: 0}
  m_Name: 
  m_SrcState: {fileID: 110260324}
  m_DstState: {fileID: 110284700}
  m_TransitionDuration: .125
  m_TransitionOffset: 0
  m_Conditions:
  - m_ConditionMode: 5
    m_ConditionEvent: 
    m_EventTreshold: 0
    m_ExitTime: 1
  m_Atomic: 1
  m_Solo: 0
  m_Mute: 0
  m_CanTransitionToSelf: 1
--- !u!1101 &110193345
Transition:
  serializedVersion: 2
  m_ObjectHideFlags: 3
  m_PrefabParentObject: {fileID: 0}
  m_PrefabInternal: {fileID: 0}
  m_Name: 
  m_SrcState: {fileID: 110280383}
  m_DstState: {fileID: 110229805}
  m_TransitionDuration: .0483773313
  m_TransitionOffset: 0
  m_Conditions:
  - m_ConditionMode: 5
    m_ConditionEvent: 
    m_EventTreshold: 0
    m_ExitTime: 1
  m_Atomic: 1
  m_Solo: 0
  m_Mute: 0
  m_CanTransitionToSelf: 1
--- !u!1101 &110195577
Transition:
  serializedVersion: 2
  m_ObjectHideFlags: 3
  m_PrefabParentObject: {fileID: 0}
  m_PrefabInternal: {fileID: 0}
  m_Name: 
  m_SrcState: {fileID: 110206324}
  m_DstState: {fileID: 110227336}
  m_TransitionDuration: .75
  m_TransitionOffset: 0
  m_Conditions:
  - m_ConditionMode: 5
    m_ConditionEvent: 
    m_EventTreshold: 0
    m_ExitTime: 1
  m_Atomic: 1
  m_Solo: 0
  m_Mute: 0
  m_CanTransitionToSelf: 1
--- !u!1102 &110200000
State:
  m_ObjectHideFlags: 3
  m_PrefabParentObject: {fileID: 0}
  m_PrefabInternal: {fileID: 0}
  m_Name: Block
  m_Speed: 1
  m_CycleOffset: 0
  m_Motions:
  - {fileID: 7400000, guid: b28ffd18d1fdcd7418637408ffe7555d, type: 3}
  m_ParentStateMachine: {fileID: 110700000}
  m_Position: {x: 48, y: -168, z: 0}
  m_IKOnFeet: 0
  m_Mirror: 0
  m_Tag: 
--- !u!1102 &110202872
State:
  m_ObjectHideFlags: 3
  m_PrefabParentObject: {fileID: 0}
  m_PrefabInternal: {fileID: 0}
  m_Name: Knockdown
  m_Speed: 1
  m_CycleOffset: 0
  m_Motions:
  - {fileID: 7400000, guid: 388fff0909e6e7f4ca4e39640b02fea5, type: 3}
  m_ParentStateMachine: {fileID: 110700000}
  m_Position: {x: 48, y: 24, z: 0}
  m_IKOnFeet: 0
  m_Mirror: 0
  m_Tag: 
--- !u!1102 &110206324
State:
  m_ObjectHideFlags: 3
  m_PrefabParentObject: {fileID: 0}
  m_PrefabInternal: {fileID: 0}
  m_Name: ReverseDash
  m_Speed: 1
  m_CycleOffset: 0
  m_Motions:
  - {fileID: 7400000, guid: 5c9c346de11fd8f4e8b76e044db2e177, type: 3}
  m_ParentStateMachine: {fileID: 110700000}
  m_Position: {x: 528, y: -228, z: 0}
  m_IKOnFeet: 0
  m_Mirror: 0
  m_Tag: 
--- !u!1102 &110207305
State:
  m_ObjectHideFlags: 3
  m_PrefabParentObject: {fileID: 0}
  m_PrefabInternal: {fileID: 0}
  m_Name: Idle
  m_Speed: 1
  m_CycleOffset: 0
  m_Motions:
  - {fileID: 7400000, guid: a1826ef951599d8428dc34467ca8754d, type: 3}
  m_ParentStateMachine: {fileID: 110700000}
  m_Position: {x: -192, y: -36, z: 0}
  m_IKOnFeet: 0
  m_Mirror: 0
  m_Tag: 
--- !u!1102 &110208239
State:
  m_ObjectHideFlags: 3
  m_PrefabParentObject: {fileID: 0}
  m_PrefabInternal: {fileID: 0}
  m_Name: Jump 0
  m_Speed: 1
  m_CycleOffset: 0
  m_Motions:
  - {fileID: 7400000, guid: eaf3aa595b390764183893744fc52c09, type: 3}
  m_ParentStateMachine: {fileID: 110700000}
  m_Position: {x: 528, y: 144, z: 0}
  m_IKOnFeet: 0
  m_Mirror: 0
  m_Tag: 
--- !u!1102 &110212047
State:
  m_ObjectHideFlags: 3
  m_PrefabParentObject: {fileID: 0}
  m_PrefabInternal: {fileID: 0}
  m_Name: SpecialAttack2
  m_Speed: 1
  m_CycleOffset: 0
  m_Motions:
  - {fileID: 7400000, guid: c1e1d115893dc3441bb7c7a775234b46, type: 3}
  m_ParentStateMachine: {fileID: 110700000}
  m_Position: {x: 288, y: -300, z: 0}
  m_IKOnFeet: 0
  m_Mirror: 0
  m_Tag: 
--- !u!1102 &110214055
State:
  m_ObjectHideFlags: 3
  m_PrefabParentObject: {fileID: 0}
  m_PrefabInternal: {fileID: 0}
  m_Name: Sweep
  m_Speed: 1
  m_CycleOffset: 0
  m_Motions:
  - {fileID: 7400000, guid: fe3768738c070e640809c0834e3a44f0, type: 3}
  m_ParentStateMachine: {fileID: 110700000}
  m_Position: {x: 288, y: -36, z: 0}
  m_IKOnFeet: 0
  m_Mirror: 0
  m_Tag: 
--- !u!1102 &110214653
State:
  m_ObjectHideFlags: 3
  m_PrefabParentObject: {fileID: 0}
  m_PrefabInternal: {fileID: 0}
  m_Name: Land
  m_Speed: 1
  m_CycleOffset: 0
  m_Motions:
  - {fileID: 7400000, guid: 510fc5bfc4b57fc4994af4affab9ca27, type: 3}
  m_ParentStateMachine: {fileID: 110700000}
  m_Position: {x: 768, y: 24, z: 0}
  m_IKOnFeet: 0
  m_Mirror: 0
  m_Tag: 
--- !u!1102 &110215448
State:
  m_ObjectHideFlags: 3
  m_PrefabParentObject: {fileID: 0}
  m_PrefabInternal: {fileID: 0}
  m_Name: WalkBackward 0
  m_Speed: 1
  m_CycleOffset: 0
  m_Motions:
  - {fileID: 7400000, guid: 11a0971169039ec489b6f8de66ddf022, type: 3}
  m_ParentStateMachine: {fileID: 110700000}
  m_Position: {x: -420, y: -168, z: 0}
  m_IKOnFeet: 0
  m_Mirror: 0
  m_Tag: 
--- !u!1102 &110217209
State:
  m_ObjectHideFlags: 3
  m_PrefabParentObject: {fileID: 0}
  m_PrefabInternal: {fileID: 0}
  m_Name: Crouch
  m_Speed: 1
  m_CycleOffset: 0
  m_Motions:
  - {fileID: 7400000, guid: 9c8938da1125d4146a10d1ffa357e24f, type: 3}
  m_ParentStateMachine: {fileID: 110700000}
  m_Position: {x: 48, y: 84, z: 0}
  m_IKOnFeet: 0
  m_Mirror: 0
  m_Tag: 
--- !u!1102 &110217960
State:
  m_ObjectHideFlags: 3
  m_PrefabParentObject: {fileID: 0}
  m_PrefabInternal: {fileID: 0}
  m_Name: Intro1
  m_Speed: 1
  m_CycleOffset: 0
  m_Motions:
  - {fileID: 7400000, guid: 1232c8f723d777a4dbc94a2d4bdc7c1b, type: 3}
  m_ParentStateMachine: {fileID: 110700000}
  m_Position: {x: -192, y: 24, z: 0}
  m_IKOnFeet: 0
  m_Mirror: 0
  m_Tag: 
--- !u!1102 &110218464
State:
  m_ObjectHideFlags: 3
  m_PrefabParentObject: {fileID: 0}
  m_PrefabInternal: {fileID: 0}
  m_Name: Choke
  m_Speed: 1
  m_CycleOffset: 0
  m_Motions:
  - {fileID: 7400000, guid: 16228009d2abe6d498569197bf307b30, type: 3}
  m_ParentStateMachine: {fileID: 110700000}
  m_Position: {x: 768, y: -96, z: 0}
  m_IKOnFeet: 0
  m_Mirror: 0
  m_Tag: 
--- !u!1102 &110218791
State:
  m_ObjectHideFlags: 3
  m_PrefabParentObject: {fileID: 0}
  m_PrefabInternal: {fileID: 0}
  m_Name: HighKick
  m_Speed: 1
  m_CycleOffset: 0
  m_Motions:
  - {fileID: 7400000, guid: 48c1a9b96a88629408d106bb8fc77a97, type: 3}
  m_ParentStateMachine: {fileID: 110700000}
  m_Position: {x: 768, y: 144, z: 0}
  m_IKOnFeet: 0
  m_Mirror: 0
  m_Tag: 
--- !u!1102 &110218851
State:
  m_ObjectHideFlags: 3
  m_PrefabParentObject: {fileID: 0}
  m_PrefabInternal: {fileID: 0}
  m_Name: LowPunch
  m_Speed: 1
  m_CycleOffset: 0
  m_Motions:
  - {fileID: 7400000, guid: 420e2bda332678e45827d3f2ddd9f1e2, type: 3}
  m_ParentStateMachine: {fileID: 110700000}
  m_Position: {x: 288, y: 24, z: 0}
  m_IKOnFeet: 0
  m_Mirror: 0
  m_Tag: 
--- !u!1102 &110219304
State:
  m_ObjectHideFlags: 3
  m_PrefabParentObject: {fileID: 0}
  m_PrefabInternal: {fileID: 0}
  m_Name: WalkBackward
  m_Speed: 1
  m_CycleOffset: 0
  m_Motions:
  - {fileID: 7400000, guid: 11a0971169039ec489b6f8de66ddf022, type: 3}
  m_ParentStateMachine: {fileID: 110700000}
  m_Position: {x: -192, y: -168, z: 0}
  m_IKOnFeet: 0
  m_Mirror: 0
  m_Tag: 
--- !u!1102 &110227336
State:
  m_ObjectHideFlags: 3
  m_PrefabParentObject: {fileID: 0}
  m_PrefabInternal: {fileID: 0}
  m_Name: MoveAttack1
  m_Speed: 1
  m_CycleOffset: 0
  m_Motions:
  - {fileID: 7400000, guid: 883d651b00b597d4899926f2614293d7, type: 3}
  m_ParentStateMachine: {fileID: 110700000}
  m_Position: {x: 528, y: -168, z: 0}
  m_IKOnFeet: 0
  m_Mirror: 0
  m_Tag: 
--- !u!1102 &110229093
State:
  m_ObjectHideFlags: 3
  m_PrefabParentObject: {fileID: 0}
  m_PrefabInternal: {fileID: 0}
  m_Name: LowKick
  m_Speed: 1
  m_CycleOffset: 0
  m_Motions:
  - {fileID: 7400000, guid: 4af6dc07d5c0ada44a500486508eb00f, type: 3}
  m_ParentStateMachine: {fileID: 110700000}
  m_Position: {x: 288, y: 84, z: 0}
  m_IKOnFeet: 0
  m_Mirror: 0
  m_Tag: 
--- !u!1102 &110229805
State:
  m_ObjectHideFlags: 3
  m_PrefabParentObject: {fileID: 0}
  m_PrefabInternal: {fileID: 0}
  m_Name: JumpBackward
  m_Speed: 1
  m_CycleOffset: 0
  m_Motions:
  - {fileID: 7400000, guid: 8eca672021b4a054fb75ec6eea4b86f9, type: 3}
  m_ParentStateMachine: {fileID: 110700000}
  m_Position: {x: 528, y: 24, z: 0}
  m_IKOnFeet: 0
  m_Mirror: 0
  m_Tag: 
--- !u!1102 &110231626
State:
  m_ObjectHideFlags: 3
  m_PrefabParentObject: {fileID: 0}
  m_PrefabInternal: {fileID: 0}
  m_Name: LightHit
  m_Speed: 1
  m_CycleOffset: 0
  m_Motions:
  - {fileID: 7400000, guid: e7a50224aa2a4e146a301aa979930684, type: 3}
  m_ParentStateMachine: {fileID: 110700000}
  m_Position: {x: 48, y: -96, z: 0}
  m_IKOnFeet: 0
  m_Mirror: 0
  m_Tag: 
--- !u!1102 &110232887
State:
  m_ObjectHideFlags: 3
  m_PrefabParentObject: {fileID: 0}
  m_PrefabInternal: {fileID: 0}
  m_Name: SpecialAttack1
  m_Speed: 1
  m_CycleOffset: 0
  m_Motions:
  - {fileID: 7400000, guid: c9001f60a8fcd4a4193c3b3a556de529, type: 3}
  m_ParentStateMachine: {fileID: 110700000}
  m_Position: {x: 288, y: -228, z: 0}
  m_IKOnFeet: 0
  m_Mirror: 0
  m_Tag: 
--- !u!1102 &110237037
State:
  m_ObjectHideFlags: 3
  m_PrefabParentObject: {fileID: 0}
  m_PrefabInternal: {fileID: 0}
  m_Name: WalkForward 0
  m_Speed: 1
  m_CycleOffset: 0
  m_Motions:
  - {fileID: 7400000, guid: 337d924f839f9824cb4e30e5eec780e7, type: 3}
  m_ParentStateMachine: {fileID: 110700000}
  m_Position: {x: -420, y: -96, z: 0}
  m_IKOnFeet: 0
  m_Mirror: 0
  m_Tag: 
--- !u!1102 &110237500
State:
  m_ObjectHideFlags: 3
  m_PrefabParentObject: {fileID: 0}
  m_PrefabInternal: {fileID: 0}
  m_Name: Death
  m_Speed: 1
  m_CycleOffset: 0
  m_Motions:
  - {fileID: 7400000, guid: f7e08e4533ae6784f9e92f32917c7891, type: 3}
  m_ParentStateMachine: {fileID: 110700000}
  m_Position: {x: 768, y: -36, z: 0}
  m_IKOnFeet: 0
  m_Mirror: 0
  m_Tag: 
--- !u!1102 &110238446
State:
  m_ObjectHideFlags: 3
  m_PrefabParentObject: {fileID: 0}
  m_PrefabInternal: {fileID: 0}
  m_Name: Kick
  m_Speed: 1
  m_CycleOffset: 0
  m_Motions:
  - {fileID: 7400000, guid: 01fd44e5943b608438cc932d36b6c064, type: 3}
  m_ParentStateMachine: {fileID: 110700000}
  m_Position: {x: 48, y: -300, z: 0}
  m_IKOnFeet: 0
  m_Mirror: 0
  m_Tag: 
--- !u!1102 &110238569
State:
  m_ObjectHideFlags: 3
  m_PrefabParentObject: {fileID: 0}
  m_PrefabInternal: {fileID: 0}
  m_Name: Dash
  m_Speed: 1
  m_CycleOffset: 0
  m_Motions:
  - {fileID: 7400000, guid: c49e29b093dbb1b4ea928909a4e847b0, type: 3}
  m_ParentStateMachine: {fileID: 110700000}
  m_Position: {x: 528, y: -300, z: 0}
  m_IKOnFeet: 0
  m_Mirror: 0
  m_Tag: 
--- !u!1102 &110240605
State:
  m_ObjectHideFlags: 3
  m_PrefabParentObject: {fileID: 0}
  m_PrefabInternal: {fileID: 0}
  m_Name: WalkBackward 0 0
  m_Speed: 1
  m_CycleOffset: 0
  m_Motions:
  - {fileID: 7400000, guid: 11a0971169039ec489b6f8de66ddf022, type: 3}
  m_ParentStateMachine: {fileID: 110700000}
  m_Position: {x: -648, y: -168, z: 0}
  m_IKOnFeet: 0
  m_Mirror: 0
  m_Tag: 
--- !u!1102 &110241862
State:
  m_ObjectHideFlags: 3
  m_PrefabParentObject: {fileID: 0}
  m_PrefabInternal: {fileID: 0}
  m_Name: WalkForward 0 0
  m_Speed: 1
  m_CycleOffset: 0
  m_Motions:
  - {fileID: 7400000, guid: 337d924f839f9824cb4e30e5eec780e7, type: 3}
  m_ParentStateMachine: {fileID: 110700000}
  m_Position: {x: -648, y: -96, z: 0}
  m_IKOnFeet: 0
  m_Mirror: 0
  m_Tag: 
--- !u!1102 &110246070
State:
  m_ObjectHideFlags: 3
  m_PrefabParentObject: {fileID: 0}
  m_PrefabInternal: {fileID: 0}
  m_Name: Idle 0
  m_Speed: 1
  m_CycleOffset: 0
  m_Motions:
  - {fileID: 7400000, guid: a1826ef951599d8428dc34467ca8754d, type: 3}
  m_ParentStateMachine: {fileID: 110700000}
  m_Position: {x: -420, y: -36, z: 0}
  m_IKOnFeet: 0
  m_Mirror: 0
  m_Tag: 
--- !u!1102 &110246993
State:
  m_ObjectHideFlags: 3
  m_PrefabParentObject: {fileID: 0}
  m_PrefabInternal: {fileID: 0}
  m_Name: RangeAttack1
  m_Speed: 1
  m_CycleOffset: 0
  m_Motions:
  - {fileID: 7400000, guid: 7c4ad9e9e4e48364abf956788f5e4b9f, type: 3}
  m_ParentStateMachine: {fileID: 110700000}
  m_Position: {x: 288, y: -96, z: 0}
  m_IKOnFeet: 0
  m_Mirror: 0
  m_Tag: 
--- !u!1102 &110248825
State:
  m_ObjectHideFlags: 3
  m_PrefabParentObject: {fileID: 0}
  m_PrefabInternal: {fileID: 0}
  m_Name: WalkForward
  m_Speed: 1
  m_CycleOffset: 0
  m_Motions:
  - {fileID: 7400000, guid: 337d924f839f9824cb4e30e5eec780e7, type: 3}
  m_ParentStateMachine: {fileID: 110700000}
  m_Position: {x: -192, y: -96, z: 0}
  m_IKOnFeet: 0
  m_Mirror: 0
  m_Tag: 
--- !u!1102 &110252953
State:
  m_ObjectHideFlags: 3
  m_PrefabParentObject: {fileID: 0}
  m_PrefabInternal: {fileID: 0}
  m_Name: JumpHitReact
  m_Speed: 1
  m_CycleOffset: 0
  m_Motions:
  - {fileID: 7400000, guid: 6c0bbbef3a1256b43815b9da8ab97d65, type: 3}
  m_ParentStateMachine: {fileID: 110700000}
  m_Position: {x: 768, y: 84, z: 0}
  m_IKOnFeet: 0
  m_Mirror: 0
  m_Tag: 
--- !u!1102 &110254335
State:
  m_ObjectHideFlags: 3
  m_PrefabParentObject: {fileID: 0}
  m_PrefabInternal: {fileID: 0}
  m_Name: MoveAttack2
  m_Speed: 1
  m_CycleOffset: 0
  m_Motions:
  - {fileID: 7400000, guid: 802da14584eff5e488d8d77ac3988b1e, type: 3}
  m_ParentStateMachine: {fileID: 110700000}
  m_Position: {x: 528, y: -96, z: 0}
  m_IKOnFeet: 0
  m_Mirror: 0
  m_Tag: 
--- !u!1102 &110260324
State:
  m_ObjectHideFlags: 3
  m_PrefabParentObject: {fileID: 0}
  m_PrefabInternal: {fileID: 0}
  m_Name: Victory1
  m_Speed: 1
  m_CycleOffset: 0
  m_Motions:
  - {fileID: 7400000, guid: 67edc85ecb8d19648bb6ad9f581d1461, type: 3}
  m_ParentStateMachine: {fileID: 110700000}
  m_Position: {x: 768, y: -168, z: 0}
  m_IKOnFeet: 0
  m_Mirror: 0
  m_Tag: 
--- !u!1102 &110262140
State:
  m_ObjectHideFlags: 3
  m_PrefabParentObject: {fileID: 0}
  m_PrefabInternal: {fileID: 0}
  m_Name: Jab
  m_Speed: 1
  m_CycleOffset: 0
  m_Motions:
  - {fileID: 7400000, guid: fcc23cc79c904754c828324c0721805f, type: 3}
  m_ParentStateMachine: {fileID: 110700000}
  m_Position: {x: -192, y: -240, z: 0}
  m_IKOnFeet: 0
  m_Mirror: 0
  m_Tag: 
--- !u!1102 &110275640
State:
  m_ObjectHideFlags: 3
  m_PrefabParentObject: {fileID: 0}
  m_PrefabInternal: {fileID: 0}
  m_Name: RangeAttack2
  m_Speed: 1
  m_CycleOffset: 0
  m_Motions:
  - {fileID: 7400000, guid: f2116e15caef6e347a617b5132389f73, type: 3}
  m_ParentStateMachine: {fileID: 110700000}
  m_Position: {x: 288, y: -168, z: 0}
  m_IKOnFeet: 0
  m_Mirror: 0
  m_Tag: 
--- !u!1102 &110280383
State:
  m_ObjectHideFlags: 3
  m_PrefabParentObject: {fileID: 0}
  m_PrefabInternal: {fileID: 0}
  m_Name: JumpForward
  m_Speed: 1
  m_CycleOffset: 0
  m_Motions:
  - {fileID: 7400000, guid: 5271f98643c9a7249bd17cddce12feb0, type: 3}
  m_ParentStateMachine: {fileID: 110700000}
  m_Position: {x: 528, y: -36, z: 0}
  m_IKOnFeet: 0
  m_Mirror: 0
  m_Tag: 
--- !u!1102 &110281160
State:
  m_ObjectHideFlags: 3
  m_PrefabParentObject: {fileID: 0}
  m_PrefabInternal: {fileID: 0}
  m_Name: Intro2
  m_Speed: 1
  m_CycleOffset: 0
  m_Motions:
  - {fileID: 7400000, guid: 5cf00265cd2c340468598a9f49f8ccf4, type: 3}
  m_ParentStateMachine: {fileID: 110700000}
  m_Position: {x: -192, y: 84, z: 0}
  m_IKOnFeet: 0
  m_Mirror: 0
  m_Tag: 
--- !u!1102 &110284400
State:
  m_ObjectHideFlags: 3
  m_PrefabParentObject: {fileID: 0}
  m_PrefabInternal: {fileID: 0}
  m_Name: Punch
  m_Speed: 1
  m_CycleOffset: 0
  m_Motions:
  - {fileID: 7400000, guid: 8de5c91b801a1ed4e8ba5d60ee3c51d8, type: 3}
  m_ParentStateMachine: {fileID: 110700000}
  m_Position: {x: -192, y: -300, z: 0}
  m_IKOnFeet: 0
  m_Mirror: 0
  m_Tag: 
--- !u!1102 &110284700
State:
  m_ObjectHideFlags: 3
  m_PrefabParentObject: {fileID: 0}
  m_PrefabInternal: {fileID: 0}
  m_Name: Victory2
  m_Speed: 1
  m_CycleOffset: 0
  m_Motions:
  - {fileID: 7400000, guid: db9029926c29fe34b958eacc04a0750c, type: 3}
  m_ParentStateMachine: {fileID: 110700000}
  m_Position: {x: 768, y: -228, z: 0}
  m_IKOnFeet: 0
  m_Mirror: 0
  m_Tag: 
--- !u!1102 &110286098
State:
  m_ObjectHideFlags: 3
  m_PrefabParentObject: {fileID: 0}
  m_PrefabInternal: {fileID: 0}
  m_Name: Uppercut
  m_Speed: 1
  m_CycleOffset: 0
  m_Motions:
  - {fileID: 7400000, guid: 17a7be5773fb1644b9daa8d7cf61a811, type: 3}
  m_ParentStateMachine: {fileID: 110700000}
  m_Position: {x: 48, y: -240, z: 0}
  m_IKOnFeet: 0
  m_Mirror: 0
  m_Tag: 
--- !u!1102 &110286280
State:
  m_ObjectHideFlags: 3
  m_PrefabParentObject: {fileID: 0}
  m_PrefabInternal: {fileID: 0}
  m_Name: HighPunch
  m_Speed: 1
  m_CycleOffset: 0
  m_Motions:
  - {fileID: 7400000, guid: e7cd9454e63d8104989435999f7ad1dd, type: 3}
  m_ParentStateMachine: {fileID: 110700000}
  m_Position: {x: 768, y: 216, z: 0}
  m_IKOnFeet: 0
  m_Mirror: 0
  m_Tag: 
--- !u!1102 &110295123
State:
  m_ObjectHideFlags: 3
  m_PrefabParentObject: {fileID: 0}
  m_PrefabInternal: {fileID: 0}
  m_Name: Jump
  m_Speed: 1
  m_CycleOffset: 0
  m_Motions:
  - {fileID: 7400000, guid: eaf3aa595b390764183893744fc52c09, type: 3}
  m_ParentStateMachine: {fileID: 110700000}
  m_Position: {x: 528, y: 84, z: 0}
  m_IKOnFeet: 0
  m_Mirror: 0
  m_Tag: 
--- !u!1102 &110295770
State:
  m_ObjectHideFlags: 3
  m_PrefabParentObject: {fileID: 0}
  m_PrefabInternal: {fileID: 0}
  m_Name: Stunned
  m_Speed: 1
  m_CycleOffset: 0
  m_Motions:
  - {fileID: 7400000, guid: 507ca96d33f5a474b9344180cb2077e0, type: 3}
  m_ParentStateMachine: {fileID: 110700000}
  m_Position: {x: 48, y: -36, z: 0}
  m_IKOnFeet: 0
  m_Mirror: 0
  m_Tag: 
--- !u!1107 &110700000
StateMachine:
  serializedVersion: 2
  m_ObjectHideFlags: 3
  m_PrefabParentObject: {fileID: 0}
  m_PrefabInternal: {fileID: 0}
  m_Name: Base Layer
  m_DefaultState: {fileID: 110281160}
  m_States:
  - {fileID: 110200000}
  - {fileID: 110218464}
  - {fileID: 110217209}
  - {fileID: 110238569}
  - {fileID: 110237500}
  - {fileID: 110218791}
  - {fileID: 110286280}
  - {fileID: 110207305}
  - {fileID: 110217960}
  - {fileID: 110281160}
  - {fileID: 110262140}
  - {fileID: 110295123}
  - {fileID: 110229805}
  - {fileID: 110280383}
  - {fileID: 110252953}
  - {fileID: 110238446}
  - {fileID: 110202872}
  - {fileID: 110214653}
  - {fileID: 110231626}
  - {fileID: 110229093}
  - {fileID: 110218851}
  - {fileID: 110227336}
  - {fileID: 110254335}
  - {fileID: 110284400}
  - {fileID: 110246993}
  - {fileID: 110275640}
  - {fileID: 110206324}
  - {fileID: 110232887}
  - {fileID: 110212047}
  - {fileID: 110295770}
  - {fileID: 110214055}
  - {fileID: 110286098}
  - {fileID: 110260324}
  - {fileID: 110284700}
  - {fileID: 110219304}
  - {fileID: 110248825}
  - {fileID: 110237037}
  - {fileID: 110215448}
  - {fileID: 110240605}
  - {fileID: 110241862}
  - {fileID: 110246070}
  - {fileID: 110208239}
  m_ChildStateMachine: []
  m_ChildStateMachinePosition: []
  m_OrderedTransitions:
    data:
      first: {fileID: 0}
      second: []
    data:
      first: {fileID: 110200000}
      second:
      - {fileID: 110113432}
    data:
      first: {fileID: 110202872}
      second:
      - {fileID: 110167168}
    data:
      first: {fileID: 110206324}
      second:
      - {fileID: 110195577}
    data:
      first: {fileID: 110207305}
      second:
      - {fileID: 110100000}
    data:
      first: {fileID: 110208239}
      second:
      - {fileID: 110150885}
    data:
      first: {fileID: 110212047}
      second:
      - {fileID: 110107994}
    data:
      first: {fileID: 110214055}
      second:
      - {fileID: 110146320}
    data:
      first: {fileID: 110214653}
      second:
      - {fileID: 110138622}
    data:
      first: {fileID: 110215448}
      second:
      - {fileID: 110115426}
    data:
      first: {fileID: 110217209}
      second:
      - {fileID: 110114152}
    data:
      first: {fileID: 110217960}
      second:
      - {fileID: 110148042}
    data:
      first: {fileID: 110218464}
      second:
      - {fileID: 110158343}
    data:
      first: {fileID: 110218791}
      second:
      - {fileID: 110155123}
    data:
      first: {fileID: 110218851}
      second:
      - {fileID: 110103945}
    data:
      first: {fileID: 110219304}
      second:
      - {fileID: 110164444}
    data:
      first: {fileID: 110227336}
      second:
      - {fileID: 110153468}
    data:
      first: {fileID: 110229093}
      second:
      - {fileID: 110106525}
    data:
      first: {fileID: 110229805}
      second:
      - {fileID: 110184668}
    data:
      first: {fileID: 110231626}
      second:
      - {fileID: 110131809}
    data:
      first: {fileID: 110232887}
      second:
      - {fileID: 110162360}
    data:
      first: {fileID: 110237037}
      second:
      - {fileID: 110141474}
    data:
      first: {fileID: 110237500}
      second:
      - {fileID: 110179441}
    data:
      first: {fileID: 110238446}
      second:
      - {fileID: 110167795}
    data:
      first: {fileID: 110238569}
      second:
      - {fileID: 110110762}
    data:
      first: {fileID: 110240605}
      second:
      - {fileID: 110161406}
    data:
      first: {fileID: 110241862}
      second:
      - {fileID: 110150570}
    data:
      first: {fileID: 110246070}
      second:
      - {fileID: 110186001}
    data:
      first: {fileID: 110246993}
      second:
      - {fileID: 110171797}
    data:
      first: {fileID: 110248825}
      second:
      - {fileID: 110157623}
    data:
      first: {fileID: 110252953}
      second:
      - {fileID: 110147481}
    data:
      first: {fileID: 110254335}
      second:
      - {fileID: 110118346}
    data:
      first: {fileID: 110260324}
      second:
      - {fileID: 110189896}
    data:
      first: {fileID: 110262140}
      second:
      - {fileID: 110165896}
    data:
      first: {fileID: 110275640}
      second:
      - {fileID: 110113472}
    data:
      first: {fileID: 110280383}
      second:
      - {fileID: 110193345}
    data:
      first: {fileID: 110281160}
      second:
      - {fileID: 110108565}
    data:
      first: {fileID: 110284400}
      second:
      - {fileID: 110118100}
    data:
      first: {fileID: 110284700}
      second:
      - {fileID: 110102976}
    data:
      first: {fileID: 110286098}
      second:
      - {fileID: 110186419}
    data:
      first: {fileID: 110286280}
      second:
      - {fileID: 110170897}
    data:
      first: {fileID: 110295123}
      second:
      - {fileID: 110164099}
    data:
      first: {fileID: 110295770}
      second:
      - {fileID: 110188293}
  m_MotionSetCount: 1
  m_AnyStatePosition: {x: -36, y: 132, z: 0}
  m_ParentStateMachinePosition: {x: 800, y: 20, z: 0}
